%YAML 1.1
%TAG !u! tag:unity3d.com,2011:
--- !u!1 &1609737404615682742
GameObject:
  m_ObjectHideFlags: 0
  m_CorrespondingSourceObject: {fileID: 0}
  m_PrefabInstance: {fileID: 0}
  m_PrefabAsset: {fileID: 0}
  serializedVersion: 6
  m_Component:
  - component: {fileID: 1609737404615682741}
  - component: {fileID: 1609737404615682740}
  m_Layer: 0
  m_Name: RiflePivot
  m_TagString: Untagged
  m_Icon: {fileID: 0}
  m_NavMeshLayer: 0
  m_StaticEditorFlags: 0
  m_IsActive: 1
--- !u!4 &1609737404615682741
Transform:
  m_ObjectHideFlags: 0
  m_CorrespondingSourceObject: {fileID: 0}
  m_PrefabInstance: {fileID: 0}
  m_PrefabAsset: {fileID: 0}
  m_GameObject: {fileID: 1609737404615682742}
  m_LocalRotation: {x: -0, y: -0, z: -0, w: 1}
  m_LocalPosition: {x: 0, y: 0, z: 0}
  m_LocalScale: {x: 2.5118, y: 2.5118, z: 2.5118}
  m_Children:
  - {fileID: 1610059742982698557}
  m_Father: {fileID: 1609737404694195273}
  m_RootOrder: 0
  m_LocalEulerAnglesHint: {x: 0, y: 0, z: 0}
--- !u!95 &1609737404615682740
Animator:
  serializedVersion: 3
  m_ObjectHideFlags: 0
  m_CorrespondingSourceObject: {fileID: 0}
  m_PrefabInstance: {fileID: 0}
  m_PrefabAsset: {fileID: 0}
  m_GameObject: {fileID: 1609737404615682742}
  m_Enabled: 1
  m_Avatar: {fileID: 0}
  m_Controller: {fileID: 9100000, guid: dd4a12204c7b00a468400f386e9f8aed, type: 2}
  m_CullingMode: 0
  m_UpdateMode: 0
  m_ApplyRootMotion: 0
  m_LinearVelocityBlending: 0
  m_WarningMessage: 
  m_HasTransformHierarchy: 1
  m_AllowConstantClipSamplingOptimization: 1
  m_KeepAnimatorControllerStateOnDisable: 0
--- !u!1 &1609737404694195274
GameObject:
  m_ObjectHideFlags: 0
  m_CorrespondingSourceObject: {fileID: 0}
  m_PrefabInstance: {fileID: 0}
  m_PrefabAsset: {fileID: 0}
  serializedVersion: 6
  m_Component:
  - component: {fileID: 1609737404694195273}
  m_Layer: 0
  m_Name: AnimPivot
  m_TagString: Untagged
  m_Icon: {fileID: 0}
  m_NavMeshLayer: 0
  m_StaticEditorFlags: 0
  m_IsActive: 1
--- !u!4 &1609737404694195273
Transform:
  m_ObjectHideFlags: 0
  m_CorrespondingSourceObject: {fileID: 0}
  m_PrefabInstance: {fileID: 0}
  m_PrefabAsset: {fileID: 0}
  m_GameObject: {fileID: 1609737404694195274}
  m_LocalRotation: {x: -0, y: -0, z: -0, w: 1}
  m_LocalPosition: {x: 0, y: 0.35, z: 0}
  m_LocalScale: {x: 1, y: 1, z: 1}
  m_Children:
  - {fileID: 1609737404615682741}
  m_Father: {fileID: 1609737405120589944}
  m_RootOrder: 1
  m_LocalEulerAnglesHint: {x: 0, y: 0, z: 0}
--- !u!1 &1609737405050815859
GameObject:
  m_ObjectHideFlags: 0
  m_CorrespondingSourceObject: {fileID: 0}
  m_PrefabInstance: {fileID: 0}
  m_PrefabAsset: {fileID: 0}
  serializedVersion: 6
  m_Component:
  - component: {fileID: 1609737405050815858}
  - component: {fileID: 1609737405050815856}
  - component: {fileID: 1609737405050815857}
  m_Layer: 5
  m_Name: Text (TMP)
  m_TagString: Untagged
  m_Icon: {fileID: 0}
  m_NavMeshLayer: 0
  m_StaticEditorFlags: 0
  m_IsActive: 1
--- !u!224 &1609737405050815858
RectTransform:
  m_ObjectHideFlags: 0
  m_CorrespondingSourceObject: {fileID: 0}
  m_PrefabInstance: {fileID: 0}
  m_PrefabAsset: {fileID: 0}
  m_GameObject: {fileID: 1609737405050815859}
  m_LocalRotation: {x: 0, y: 0, z: 0, w: 1}
  m_LocalPosition: {x: 0, y: 0, z: -0.11999893}
  m_LocalScale: {x: 1, y: 1, z: 1}
  m_Children: []
  m_Father: {fileID: 1609737405843446090}
  m_RootOrder: 0
  m_LocalEulerAnglesHint: {x: 0, y: 0, z: 0}
  m_AnchorMin: {x: 0.5, y: 0.5}
  m_AnchorMax: {x: 0.5, y: 0.5}
  m_AnchoredPosition: {x: 0.000000044703484, y: 2}
  m_SizeDelta: {x: 5.314, y: 2.691}
  m_Pivot: {x: 0.5, y: 0.5}
--- !u!222 &1609737405050815856
CanvasRenderer:
  m_ObjectHideFlags: 0
  m_CorrespondingSourceObject: {fileID: 0}
  m_PrefabInstance: {fileID: 0}
  m_PrefabAsset: {fileID: 0}
  m_GameObject: {fileID: 1609737405050815859}
  m_CullTransparentMesh: 0
--- !u!114 &1609737405050815857
MonoBehaviour:
  m_ObjectHideFlags: 0
  m_CorrespondingSourceObject: {fileID: 0}
  m_PrefabInstance: {fileID: 0}
  m_PrefabAsset: {fileID: 0}
  m_GameObject: {fileID: 1609737405050815859}
  m_Enabled: 1
  m_EditorHideFlags: 0
  m_Script: {fileID: 11500000, guid: f4688fdb7df04437aeb418b961361dc5, type: 3}
  m_Name: 
  m_EditorClassIdentifier: 
  m_Material: {fileID: 0}
  m_Color: {r: 1, g: 1, b: 1, a: 1}
  m_RaycastTarget: 1
  m_OnCullStateChanged:
    m_PersistentCalls:
      m_Calls: []
    m_TypeName: UnityEngine.UI.MaskableGraphic+CullStateChangedEvent, UnityEngine.UI,
      Version=1.0.0.0, Culture=neutral, PublicKeyToken=null
  m_text: Item Pickup
  m_isRightToLeft: 0
  m_fontAsset: {fileID: 11400000, guid: 8f586378b4e144a9851e7b34d9b748ee, type: 2}
  m_sharedMaterial: {fileID: 2180264, guid: 8f586378b4e144a9851e7b34d9b748ee, type: 2}
  m_fontSharedMaterials: []
  m_fontMaterial: {fileID: 0}
  m_fontMaterials: []
  m_fontColor32:
    serializedVersion: 2
    rgba: 4294967295
  m_fontColor: {r: 1, g: 1, b: 1, a: 1}
  m_enableVertexGradient: 0
  m_colorMode: 3
  m_fontColorGradient:
    topLeft: {r: 1, g: 1, b: 1, a: 1}
    topRight: {r: 1, g: 1, b: 1, a: 1}
    bottomLeft: {r: 1, g: 1, b: 1, a: 1}
    bottomRight: {r: 1, g: 1, b: 1, a: 1}
  m_fontColorGradientPreset: {fileID: 0}
  m_spriteAsset: {fileID: 0}
  m_tintAllSprites: 0
  m_overrideHtmlColors: 0
  m_faceColor:
    serializedVersion: 2
    rgba: 4294967295
  m_outlineColor:
    serializedVersion: 2
    rgba: 4278190080
  m_fontSize: 0.5
  m_fontSizeBase: 0.5
  m_fontWeight: 400
  m_enableAutoSizing: 0
  m_fontSizeMin: 1.7
  m_fontSizeMax: 72
  m_fontStyle: 0
  m_textAlignment: 514
  m_characterSpacing: 0
  m_wordSpacing: 0
  m_lineSpacing: 0
  m_lineSpacingMax: 0
  m_paragraphSpacing: 0
  m_charWidthMaxAdj: 0
  m_enableWordWrapping: 1
  m_wordWrappingRatios: 0.4
  m_overflowMode: 0
  m_firstOverflowCharacterIndex: -1
  m_linkedTextComponent: {fileID: 0}
  m_isLinkedTextComponent: 0
  m_isTextTruncated: 0
  m_enableKerning: 1
  m_enableExtraPadding: 0
  checkPaddingRequired: 0
  m_isRichText: 1
  m_parseCtrlCharacters: 1
  m_isOrthographic: 1
  m_isCullingEnabled: 0
  m_ignoreRectMaskCulling: 0
  m_ignoreCulling: 1
  m_horizontalMapping: 0
  m_verticalMapping: 0
  m_uvLineOffset: 0
  m_geometrySortingOrder: 0
  m_VertexBufferAutoSizeReduction: 1
  m_firstVisibleCharacter: 0
  m_useMaxVisibleDescender: 1
  m_pageToDisplay: 1
  m_margin: {x: 0, y: 0, z: 0, w: 0}
  m_textInfo:
    textComponent: {fileID: 1609737405050815857}
    characterCount: 11
    spriteCount: 0
    spaceCount: 1
    wordCount: 2
    linkCount: 0
    lineCount: 1
    pageCount: 1
    materialCount: 1
  m_isUsingLegacyAnimationComponent: 0
  m_isVolumetricText: 0
  m_spriteAnimator: {fileID: 0}
  m_hasFontAssetChanged: 0
  m_subTextObjects:
  - {fileID: 0}
  - {fileID: 0}
  - {fileID: 0}
  - {fileID: 0}
  - {fileID: 0}
  - {fileID: 0}
  - {fileID: 0}
  - {fileID: 0}
  m_baseMaterial: {fileID: 0}
  m_maskOffset: {x: 0, y: 0, z: 0, w: 0}
--- !u!1 &1609737405120589946
GameObject:
  m_ObjectHideFlags: 0
  m_CorrespondingSourceObject: {fileID: 0}
  m_PrefabInstance: {fileID: 0}
  m_PrefabAsset: {fileID: 0}
  serializedVersion: 6
  m_Component:
  - component: {fileID: 1609737405120589944}
  - component: {fileID: 1609737405120589945}
  m_Layer: 0
  m_Name: Trigger_Solo_ItemPickup
  m_TagString: Untagged
  m_Icon: {fileID: 0}
  m_NavMeshLayer: 0
  m_StaticEditorFlags: 0
  m_IsActive: 1
--- !u!4 &1609737405120589944
Transform:
  m_ObjectHideFlags: 0
  m_CorrespondingSourceObject: {fileID: 0}
  m_PrefabInstance: {fileID: 0}
  m_PrefabAsset: {fileID: 0}
  m_GameObject: {fileID: 1609737405120589946}
  m_LocalRotation: {x: 0, y: 0.7071068, z: 0, w: 0.70710677}
  m_LocalPosition: {x: 1, y: 2, z: -1}
  m_LocalScale: {x: 1, y: 1, z: 1}
  m_Children:
  - {fileID: 1609737405843446090}
  - {fileID: 1609737404694195273}
  m_Father: {fileID: 0}
  m_RootOrder: 0
  m_LocalEulerAnglesHint: {x: 0, y: 90.00001, z: 0}
--- !u!114 &1609737405120589945
MonoBehaviour:
  m_ObjectHideFlags: 0
  m_CorrespondingSourceObject: {fileID: 0}
  m_PrefabInstance: {fileID: 0}
  m_PrefabAsset: {fileID: 0}
  m_GameObject: {fileID: 1609737405120589946}
  m_Enabled: 1
  m_EditorHideFlags: 0
  m_Script: {fileID: 11500000, guid: e1f90ba81799e9e4797a4282afc748d9, type: 3}
  m_Name: 
  m_EditorClassIdentifier: 
  triggerType: 0
  detectZones:
  - zoneName: Door Trigger
    overrideZoneName: 0
    overrideLabel: 0
    overrideDetectMask: 0
    detectMask:
      serializedVersion: 2
      m_Bits: 4294967295
    ignoreTriggerColliders: 1
    overrideDetectType: 0
    detectType: 0
    colliderToUse: {fileID: 0}
    overridePositionType: 0
    positionType: 1
    trans: {fileID: 1609737405120589944}
    worldPos: {x: -8.014626, y: 1.1685877, z: -3.9102497}
    offset: {x: 0, y: 0, z: 0}
    size: {x: 1, y: 1, z: 2}
    useTransformAngle: 0
    angle: {x: 0, y: 0, z: 0}
    radius: 2
    height: 0
    overrideColor: 0
    debugColor: {r: 1, g: 0, b: 0, a: 1}
    handlePoint: {x: -8.014626, y: 1.1685877, z: -3.9102497}
  preTriggers: []
  triggers:
  - triggerName: OnEnter
    triggerType: 0
    detectZoneInd: 0
    onStayOption: 0
    repeatDelay: 0
    input:
      stringValue: 
      indexValue: 0
    validationMask: 3
    validationLayer:
      serializedVersion: 2
      m_Bits: 2048
    validationTag:
      stringValue: Player
    engineValueDataManager: {fileID: 0}
    selection:
      selectionName: 
      category:
        stringValue: 
        indexValue: 0
        stringValues: []
      engineValue:
        stringValue: 
        indexValue: 0
        stringValues: []
      valueData: {fileID: 0}
    valueOption: 0
    comparedValue: 0
    activationAmount: 0
    maxActivations: 1
    activationType: 0
    engineEvents:
    - eventName: Event 1
      sceneObject:
        sceneObjectType: 0
        overrideGameObject: {fileID: 1609737405646782413}
        closestTag: 
        nameToFind: 
      startType: 0
      inputButton:
        stringValue: Interact
        indexValue: 28
      eventTypeMask: 1
      commons:
      - affectedObj: 0
        overrideObject: {fileID: 0}
        eventType: 0
        active: 1
        delay: 0
        objToSpawn: {fileID: 0}
        positionType: 0
        position: {x: 0, y: 0, z: 0}
        rotation: {x: 0, y: 0, z: 0}
        positionObj:
          sceneObjectType: 0
          overrideGameObject: {fileID: 0}
          closestTag: 
          nameToFind: 
        setParent: 0
        parentObj:
          sceneObjectType: 0
          overrideGameObject: {fileID: 0}
          closestTag: 
          nameToFind: 
      anims:
      - affectedObj: 0
        overrideObject: {fileID: 0}
        animController: {fileID: 0}
        state:
          indexValue: 0
          stringValue: 
          layer: 0
        crossfadeTime: 0
      methods:
      - affectedObj: 0
        overrideObject: {fileID: 0}
        method:
          objectType: 0
          behaviour:
            stringValue: 
            indexValue: 0
            stringValues: []
          go: {fileID: 0}
          goInstanceValue: 20968
          behaviourToUse: GameObject
          behaviourInd: 0
          methodToCall: SetActive
          methodInd: 5
          parameterValues:
          - serializedObjectValue: '{"$content":true,"$type":"System.Boolean"}'
            objectValue: {fileID: 0}
            boolValue: 1
            boundsValue:
              m_Center: {x: 0, y: 0, z: 0}
              m_Extent: {x: 0, y: 0, z: 0}
            colorValue: {r: 0, g: 0, b: 0, a: 0}
            animationCurveValue:
              serializedVersion: 2
              m_Curve: []
              m_PreInfinity: 0
              m_PostInfinity: 0
              m_RotationOrder: 0
            animationClipValue: {fileID: 0}
            floatValue: 0
            intValue: 0
            quaternionValue: {x: 0, y: 0, z: 0}
            rectValue:
              serializedVersion: 2
              x: 0
              y: 0
              width: 0
              height: 0
            stringValue: 
            vector2Value: {x: 0, y: 0}
            vector3Value: {x: 0, y: 0, z: 0}
            vector4Value: {x: 0, y: 0, z: 0}
      interacts:
      - affectedObj: 0
        overrideObject: {fileID: 0}
        interactFX: {fileID: 0}
      eventOptions: []
      valueDeltaOptions: []
      detectZoneInd: 0
      delay: 0
      repeat: 0
      repeatTime: 0
      finishType: 0
      totalTime: 0
      active: 0
      finished: 0
    - eventName: Event 2
      sceneObject:
        sceneObjectType: 2
        overrideGameObject: {fileID: 0}
        closestTag: 
        nameToFind: 
      startType: 2
      inputButton:
        stringValue: Interact
        indexValue: 28
      eventTypeMask: 8
      commons: []
      anims: []
      methods:
      - affectedObj: 0
        overrideObject: {fileID: 0}
        method:
          objectType: 0
          behaviour:
            stringValue: 
            indexValue: 0
            stringValues: []
          go: {fileID: 0}
          goInstanceValue: 0
          behaviourToUse: 
          behaviourInd: 0
          methodToCall: 
          methodInd: 0
          parameterValues: []
      interacts:
      - affectedObj: 0
        overrideObject: {fileID: 1609737405646782413}
        interactFX: {fileID: 11400000, guid: 6fbdbf69bb4a17c4ca2e154f8c2da0b2, type: 2}
      - affectedObj: 1
        overrideObject: {fileID: 1609737405120589946}
        interactFX: {fileID: 11400000, guid: a3fc0c7d10a4f4345a68a0b427f50481, type: 2}
      eventOptions: []
      valueDeltaOptions: []
      detectZoneInd: 0
      delay: 0
      repeat: 0
      repeatTime: 0
      finishType: 0
      totalTime: 0
      active: 0
      finished: 0
    receivers: []
    receiverIndMask: 0
  - triggerName: Deactivate Text
    triggerType: 2
    detectZoneInd: 0
    onStayOption: 0
    repeatDelay: 0
    input:
      stringValue: 
      indexValue: 0
    validationMask: 3
    validationLayer:
      serializedVersion: 2
      m_Bits: 2048
    validationTag:
      stringValue: Player
    engineValueDataManager: {fileID: 0}
    selection:
      selectionName: 
      category:
        stringValue: 
        indexValue: 0
        stringValues: []
      engineValue:
        stringValue: 
        indexValue: 0
        stringValues: []
      valueData: {fileID: 0}
    valueOption: 0
    comparedValue: 0
    activationAmount: 0
    maxActivations: 1
    activationType: 0
    engineEvents:
    - eventName: Event 1
      sceneObject:
        sceneObjectType: 0
        overrideGameObject: {fileID: 1609737405646782413}
        closestTag: 
        nameToFind: 
      startType: 0
      inputButton:
        stringValue: Interact
        indexValue: 28
      eventTypeMask: 17
      commons:
      - affectedObj: 0
        overrideObject: {fileID: 0}
        eventType: 0
        active: 0
        delay: 0
        objToSpawn: {fileID: 0}
        positionType: 0
        position: {x: 0, y: 0, z: 0}
        rotation: {x: 0, y: 0, z: 0}
        positionObj:
          sceneObjectType: 0
          overrideGameObject: {fileID: 0}
          closestTag: 
          nameToFind: 
        setParent: 0
        parentObj:
          sceneObjectType: 0
          overrideGameObject: {fileID: 0}
          closestTag: 
          nameToFind: 
      anims: []
      methods:
      - affectedObj: 0
        overrideObject: {fileID: 0}
        method:
          objectType: 0
          behaviour:
            stringValue: 
            indexValue: 0
            stringValues: []
          go: {fileID: 0}
          goInstanceValue: 20968
          behaviourToUse: GameObject
          behaviourInd: 0
          methodToCall: SetActive
          methodInd: 5
          parameterValues:
          - serializedObjectValue: '{"$content":false,"$type":"System.Boolean"}'
            objectValue: {fileID: 0}
            boolValue: 0
            boundsValue:
              m_Center: {x: 0, y: 0, z: 0}
              m_Extent: {x: 0, y: 0, z: 0}
            colorValue: {r: 0, g: 0, b: 0, a: 0}
            animationCurveValue:
              serializedVersion: 2
              m_Curve: []
              m_PreInfinity: 0
              m_PostInfinity: 0
              m_RotationOrder: 0
            animationClipValue: {fileID: 0}
            floatValue: 0
            intValue: 0
            quaternionValue: {x: 0, y: 0, z: 0}
            rectValue:
              serializedVersion: 2
              x: 0
              y: 0
              width: 0
              height: 0
            stringValue: 
            vector2Value: {x: 0, y: 0}
            vector3Value: {x: 0, y: 0, z: 0}
            vector4Value: {x: 0, y: 0, z: 0}
      interacts: []
      eventOptions:
      - affectedObj: 0
        overrideObject: {fileID: 0}
        receiver:
          manager: {fileID: 1609737405120589945}
          broadcastType: 2
          triggerBroadcastType: 0
          triggerSingle:
            stringValue: OnEnter
            indexValue: 0
            stringValues: []
          triggerMask: 0
          preTrigger:
            stringValue: 
            indexValue: 0
            stringValues: []
          preTriggerBroadcastType: 0
          eventInd:
            stringValue: Event 2
            indexValue: 1
            stringValues: []
          eventOption: 3
      valueDeltaOptions: []
      detectZoneInd: 0
      delay: 0
      repeat: 0
      repeatTime: 0
      finishType: 0
      totalTime: 0
      active: 0
      finished: 0
    receivers: []
    receiverIndMask: 0
--- !u!1 &1609737405646782413
GameObject:
  m_ObjectHideFlags: 0
  m_CorrespondingSourceObject: {fileID: 0}
  m_PrefabInstance: {fileID: 0}
  m_PrefabAsset: {fileID: 0}
  serializedVersion: 6
  m_Component:
  - component: {fileID: 1609737405646782410}
  - component: {fileID: 1609737405646782411}
  - component: {fileID: 1609737405646782412}
  m_Layer: 5
  m_Name: PressText
  m_TagString: Untagged
  m_Icon: {fileID: 0}
  m_NavMeshLayer: 0
  m_StaticEditorFlags: 0
  m_IsActive: 0
--- !u!224 &1609737405646782410
RectTransform:
  m_ObjectHideFlags: 0
  m_CorrespondingSourceObject: {fileID: 0}
  m_PrefabInstance: {fileID: 0}
  m_PrefabAsset: {fileID: 0}
  m_GameObject: {fileID: 1609737405646782413}
  m_LocalRotation: {x: 0, y: 0, z: 0, w: 1}
  m_LocalPosition: {x: 0, y: 0, z: -0.11999929}
  m_LocalScale: {x: 1, y: 1, z: 1}
  m_Children: []
  m_Father: {fileID: 1609737405843446090}
  m_RootOrder: 1
  m_LocalEulerAnglesHint: {x: 0, y: 0, z: 0}
  m_AnchorMin: {x: 0.5, y: 0.5}
  m_AnchorMax: {x: 0.5, y: 0.5}
  m_AnchoredPosition: {x: -0.99999994, y: 1}
  m_SizeDelta: {x: 5.314, y: 2.691}
  m_Pivot: {x: 0.5, y: 0.5}
--- !u!222 &1609737405646782411
CanvasRenderer:
  m_ObjectHideFlags: 0
  m_CorrespondingSourceObject: {fileID: 0}
  m_PrefabInstance: {fileID: 0}
  m_PrefabAsset: {fileID: 0}
  m_GameObject: {fileID: 1609737405646782413}
  m_CullTransparentMesh: 0
--- !u!114 &1609737405646782412
MonoBehaviour:
  m_ObjectHideFlags: 0
  m_CorrespondingSourceObject: {fileID: 0}
  m_PrefabInstance: {fileID: 0}
  m_PrefabAsset: {fileID: 0}
  m_GameObject: {fileID: 1609737405646782413}
  m_Enabled: 1
  m_EditorHideFlags: 0
  m_Script: {fileID: 11500000, guid: f4688fdb7df04437aeb418b961361dc5, type: 3}
  m_Name: 
  m_EditorClassIdentifier: 
  m_Material: {fileID: 0}
  m_Color: {r: 1, g: 1, b: 1, a: 1}
  m_RaycastTarget: 1
  m_OnCullStateChanged:
    m_PersistentCalls:
      m_Calls: []
    m_TypeName: UnityEngine.UI.MaskableGraphic+CullStateChangedEvent, UnityEngine.UI,
      Version=1.0.0.0, Culture=neutral, PublicKeyToken=null
  m_text: '"E" to activate'
  m_isRightToLeft: 0
  m_fontAsset: {fileID: 11400000, guid: 8f586378b4e144a9851e7b34d9b748ee, type: 2}
  m_sharedMaterial: {fileID: 2180264, guid: 8f586378b4e144a9851e7b34d9b748ee, type: 2}
  m_fontSharedMaterials: []
  m_fontMaterial: {fileID: 0}
  m_fontMaterials: []
  m_fontColor32:
    serializedVersion: 2
    rgba: 4294967295
  m_fontColor: {r: 1, g: 1, b: 1, a: 1}
  m_enableVertexGradient: 0
  m_colorMode: 3
  m_fontColorGradient:
    topLeft: {r: 1, g: 1, b: 1, a: 1}
    topRight: {r: 1, g: 1, b: 1, a: 1}
    bottomLeft: {r: 1, g: 1, b: 1, a: 1}
    bottomRight: {r: 1, g: 1, b: 1, a: 1}
  m_fontColorGradientPreset: {fileID: 0}
  m_spriteAsset: {fileID: 0}
  m_tintAllSprites: 0
  m_overrideHtmlColors: 0
  m_faceColor:
    serializedVersion: 2
    rgba: 4294967295
  m_outlineColor:
    serializedVersion: 2
    rgba: 4278190080
  m_fontSize: 0.26
  m_fontSizeBase: 0.26
  m_fontWeight: 400
  m_enableAutoSizing: 0
  m_fontSizeMin: 1.7
  m_fontSizeMax: 72
  m_fontStyle: 0
  m_textAlignment: 514
  m_characterSpacing: 0
  m_wordSpacing: 0
  m_lineSpacing: 0
  m_lineSpacingMax: 0
  m_paragraphSpacing: 0
  m_charWidthMaxAdj: 0
  m_enableWordWrapping: 1
  m_wordWrappingRatios: 0.4
  m_overflowMode: 0
  m_firstOverflowCharacterIndex: -1
  m_linkedTextComponent: {fileID: 0}
  m_isLinkedTextComponent: 0
  m_isTextTruncated: 0
  m_enableKerning: 1
  m_enableExtraPadding: 0
  checkPaddingRequired: 0
  m_isRichText: 1
  m_parseCtrlCharacters: 1
  m_isOrthographic: 1
  m_isCullingEnabled: 0
  m_ignoreRectMaskCulling: 0
  m_ignoreCulling: 1
  m_horizontalMapping: 0
  m_verticalMapping: 0
  m_uvLineOffset: 0
  m_geometrySortingOrder: 0
  m_VertexBufferAutoSizeReduction: 1
  m_firstVisibleCharacter: 0
  m_useMaxVisibleDescender: 1
  m_pageToDisplay: 1
  m_margin: {x: 0, y: 0, z: 0, w: 0}
  m_textInfo:
    textComponent: {fileID: 1609737405646782412}
    characterCount: 15
    spriteCount: 0
    spaceCount: 2
    wordCount: 3
    linkCount: 0
    lineCount: 1
    pageCount: 1
    materialCount: 1
  m_isUsingLegacyAnimationComponent: 0
  m_isVolumetricText: 0
  m_spriteAnimator: {fileID: 0}
  m_hasFontAssetChanged: 0
  m_subTextObjects:
  - {fileID: 0}
  - {fileID: 0}
  - {fileID: 0}
  - {fileID: 0}
  - {fileID: 0}
  - {fileID: 0}
  - {fileID: 0}
  - {fileID: 0}
  m_baseMaterial: {fileID: 0}
  m_maskOffset: {x: 0, y: 0, z: 0, w: 0}
--- !u!1 &1609737405843446091
GameObject:
  m_ObjectHideFlags: 0
  m_CorrespondingSourceObject: {fileID: 0}
  m_PrefabInstance: {fileID: 0}
  m_PrefabAsset: {fileID: 0}
  serializedVersion: 6
  m_Component:
  - component: {fileID: 1609737405843446090}
  - component: {fileID: 1609737405843446087}
  - component: {fileID: 1609737405843446088}
  - component: {fileID: 1609737405843446089}
  m_Layer: 5
  m_Name: Canvas_Title
  m_TagString: Untagged
  m_Icon: {fileID: 0}
  m_NavMeshLayer: 0
  m_StaticEditorFlags: 0
  m_IsActive: 1
--- !u!224 &1609737405843446090
RectTransform:
  m_ObjectHideFlags: 0
  m_CorrespondingSourceObject: {fileID: 0}
  m_PrefabInstance: {fileID: 0}
  m_PrefabAsset: {fileID: 0}
  m_GameObject: {fileID: 1609737405843446091}
  m_LocalRotation: {x: 0, y: 1, z: 0, w: 0}
  m_LocalPosition: {x: 0, y: 0, z: 0}
  m_LocalScale: {x: 1, y: 1, z: 1}
  m_Children:
  - {fileID: 1609737405050815858}
  - {fileID: 1609737405646782410}
  m_Father: {fileID: 1609737405120589944}
  m_RootOrder: 0
  m_LocalEulerAnglesHint: {x: 0, y: 180, z: 0}
  m_AnchorMin: {x: 0.5, y: 0.5}
  m_AnchorMax: {x: 0.5, y: 0.5}
  m_AnchoredPosition: {x: 0, y: 0}
  m_SizeDelta: {x: 10, y: 10}
  m_Pivot: {x: 0.5, y: 0.5}
--- !u!223 &1609737405843446087
Canvas:
  m_ObjectHideFlags: 0
  m_CorrespondingSourceObject: {fileID: 0}
  m_PrefabInstance: {fileID: 0}
  m_PrefabAsset: {fileID: 0}
  m_GameObject: {fileID: 1609737405843446091}
  m_Enabled: 1
  serializedVersion: 3
  m_RenderMode: 2
  m_Camera: {fileID: 0}
  m_PlaneDistance: 100
  m_PixelPerfect: 0
  m_ReceivesEvents: 1
  m_OverrideSorting: 0
  m_OverridePixelPerfect: 0
  m_SortingBucketNormalizedSize: 0
  m_AdditionalShaderChannelsFlag: 25
  m_SortingLayerID: 0
  m_SortingOrder: 0
  m_TargetDisplay: 0
--- !u!114 &1609737405843446088
MonoBehaviour:
  m_ObjectHideFlags: 0
  m_CorrespondingSourceObject: {fileID: 0}
  m_PrefabInstance: {fileID: 0}
  m_PrefabAsset: {fileID: 0}
  m_GameObject: {fileID: 1609737405843446091}
  m_Enabled: 1
  m_EditorHideFlags: 0
  m_Script: {fileID: 11500000, guid: 0cd44c1031e13a943bb63640046fad76, type: 3}
  m_Name: 
  m_EditorClassIdentifier: 
  m_UiScaleMode: 0
  m_ReferencePixelsPerUnit: 100
  m_ScaleFactor: 1
  m_ReferenceResolution: {x: 800, y: 600}
  m_ScreenMatchMode: 0
  m_MatchWidthOrHeight: 0
  m_PhysicalUnit: 3
  m_FallbackScreenDPI: 96
  m_DefaultSpriteDPI: 96
  m_DynamicPixelsPerUnit: 1
--- !u!114 &1609737405843446089
MonoBehaviour:
  m_ObjectHideFlags: 0
  m_CorrespondingSourceObject: {fileID: 0}
  m_PrefabInstance: {fileID: 0}
  m_PrefabAsset: {fileID: 0}
  m_GameObject: {fileID: 1609737405843446091}
  m_Enabled: 1
  m_EditorHideFlags: 0
  m_Script: {fileID: 11500000, guid: dc42784cf147c0c48a680349fa168899, type: 3}
  m_Name: 
  m_EditorClassIdentifier: 
  m_IgnoreReversedGraphics: 1
  m_BlockingObjects: 0
  m_BlockingMask:
    serializedVersion: 2
    m_Bits: 4294967295
--- !u!1001 &1609737406550027297
PrefabInstance:
  m_ObjectHideFlags: 0
  serializedVersion: 2
  m_Modification:
    m_TransformParent: {fileID: 1609737404615682741}
    m_Modifications:
    - target: {fileID: 1928542740963574, guid: 7ad7705eb4afbb342aad5c8fb3981d9a, type: 3}
      propertyPath: m_Name
      value: RiflePrefab
      objectReference: {fileID: 0}
    - target: {fileID: 4217083377310236, guid: 7ad7705eb4afbb342aad5c8fb3981d9a, type: 3}
      propertyPath: m_LocalPosition.x
      value: -0.269
      objectReference: {fileID: 0}
    - target: {fileID: 4217083377310236, guid: 7ad7705eb4afbb342aad5c8fb3981d9a, type: 3}
      propertyPath: m_LocalPosition.y
      value: 0
      objectReference: {fileID: 0}
    - target: {fileID: 4217083377310236, guid: 7ad7705eb4afbb342aad5c8fb3981d9a, type: 3}
      propertyPath: m_LocalPosition.z
      value: 0
      objectReference: {fileID: 0}
    - target: {fileID: 4217083377310236, guid: 7ad7705eb4afbb342aad5c8fb3981d9a, type: 3}
      propertyPath: m_LocalRotation.x
      value: 0
      objectReference: {fileID: 0}
    - target: {fileID: 4217083377310236, guid: 7ad7705eb4afbb342aad5c8fb3981d9a, type: 3}
      propertyPath: m_LocalRotation.y
      value: 1
      objectReference: {fileID: 0}
    - target: {fileID: 4217083377310236, guid: 7ad7705eb4afbb342aad5c8fb3981d9a, type: 3}
      propertyPath: m_LocalRotation.z
      value: 0
      objectReference: {fileID: 0}
    - target: {fileID: 4217083377310236, guid: 7ad7705eb4afbb342aad5c8fb3981d9a, type: 3}
      propertyPath: m_LocalRotation.w
      value: 0
      objectReference: {fileID: 0}
    - target: {fileID: 4217083377310236, guid: 7ad7705eb4afbb342aad5c8fb3981d9a, type: 3}
      propertyPath: m_RootOrder
      value: 0
      objectReference: {fileID: 0}
    - target: {fileID: 4217083377310236, guid: 7ad7705eb4afbb342aad5c8fb3981d9a, type: 3}
      propertyPath: m_LocalEulerAnglesHint.x
      value: 0
      objectReference: {fileID: 0}
    - target: {fileID: 4217083377310236, guid: 7ad7705eb4afbb342aad5c8fb3981d9a, type: 3}
      propertyPath: m_LocalEulerAnglesHint.y
      value: 180
      objectReference: {fileID: 0}
    - target: {fileID: 4217083377310236, guid: 7ad7705eb4afbb342aad5c8fb3981d9a, type: 3}
      propertyPath: m_LocalEulerAnglesHint.z
      value: 0
      objectReference: {fileID: 0}
    - target: {fileID: 4399671982954748, guid: 7ad7705eb4afbb342aad5c8fb3981d9a, type: 3}
      propertyPath: m_LocalPosition.x
      value: 0.03
      objectReference: {fileID: 0}
    - target: {fileID: 4399671982954748, guid: 7ad7705eb4afbb342aad5c8fb3981d9a, type: 3}
      propertyPath: m_LocalPosition.y
      value: 0.1
      objectReference: {fileID: 0}
    - target: {fileID: 4381617370034122, guid: 7ad7705eb4afbb342aad5c8fb3981d9a, type: 3}
      propertyPath: m_LocalRotation.x
      value: 0
      objectReference: {fileID: 0}
    - target: {fileID: 4381617370034122, guid: 7ad7705eb4afbb342aad5c8fb3981d9a, type: 3}
      propertyPath: m_LocalRotation.y
      value: 1
      objectReference: {fileID: 0}
    - target: {fileID: 4381617370034122, guid: 7ad7705eb4afbb342aad5c8fb3981d9a, type: 3}
      propertyPath: m_LocalRotation.z
      value: 0
      objectReference: {fileID: 0}
    - target: {fileID: 4381617370034122, guid: 7ad7705eb4afbb342aad5c8fb3981d9a, type: 3}
      propertyPath: m_LocalRotation.w
      value: 0
      objectReference: {fileID: 0}
    - target: {fileID: 4381617370034122, guid: 7ad7705eb4afbb342aad5c8fb3981d9a, type: 3}
      propertyPath: m_LocalEulerAnglesHint.y
      value: 180
      objectReference: {fileID: 0}
    - target: {fileID: 23247462444655008, guid: 7ad7705eb4afbb342aad5c8fb3981d9a,
        type: 3}
      propertyPath: m_Enabled
      value: 0
      objectReference: {fileID: 0}
    - target: {fileID: 8976316269198968361, guid: 7ad7705eb4afbb342aad5c8fb3981d9a,
        type: 3}
      propertyPath: m_LocalRotation.y
      value: 0
      objectReference: {fileID: 0}
    - target: {fileID: 8976316269198968361, guid: 7ad7705eb4afbb342aad5c8fb3981d9a,
        type: 3}
      propertyPath: m_LocalRotation.z
      value: 0
      objectReference: {fileID: 0}
    m_RemovedComponents: []
  m_SourcePrefab: {fileID: 100100000, guid: 7ad7705eb4afbb342aad5c8fb3981d9a, type: 3}
--- !u!4 &1610059742982698557 stripped
Transform:
  m_CorrespondingSourceObject: {fileID: 4217083377310236, guid: 7ad7705eb4afbb342aad5c8fb3981d9a,
    type: 3}
  m_PrefabInstance: {fileID: 1609737406550027297}
  m_PrefabAsset: {fileID: 0}
